<record><leader>00000cas a22000007a 4500</leader><controlfield tag="001">20716015</controlfield><controlfield tag="008">891130d18981926coucr ne      0    0eng d</controlfield><datafield ind1=" " ind2=" " tag="010"><subfield code="a">sn 89052310 </subfield></datafield><datafield ind1=" " ind2=" " tag="040"><subfield code="a">CNQ</subfield><subfield code="b">eng</subfield><subfield code="c">CNQ</subfield><subfield code="d">OCLCQ</subfield></datafield><datafield ind1=" " ind2=" " tag="042"><subfield code="a">msc</subfield></datafield><datafield ind1="0" ind2=" " tag="130"><subfield code="a">Salida record (Salida, Colo. : 1898)</subfield></datafield><datafield ind1="1" ind2="4" tag="245"><subfield code="a">The Salida record.</subfield></datafield><datafield ind1="3" ind2="0" tag="246"><subfield code="a">Salida daily record</subfield></datafield><datafield ind1=" " ind2=" " tag="260"><subfield code="a">Salida, Colo. :</subfield><subfield code="b">John G. Hollenbeck and Oren R. Meacham</subfield></datafield><datafield ind1=" " ind2=" " tag="300"><subfield code="a">v.</subfield></datafield><datafield ind1=" " ind2=" " tag="310"><subfield code="a">Semiweekly,</subfield><subfield code="b">May 19, 1925-Jan. 8, 1926</subfield></datafield><datafield ind1=" " ind2=" " tag="321"><subfield code="a">Weekly,</subfield><subfield code="b">Dec. 30, 1898-Jan. 15, 1925</subfield></datafield><datafield ind1=" " ind2=" " tag="321"><subfield code="a">Daily,</subfield><subfield code="b">Jan. 16, 1925-May 15, 1925</subfield></datafield><datafield ind1="0" ind2=" " tag="362"><subfield code="a">Vol. 16, no. 33 (Dec. 30, 1898)-v. 43, no. 83 (Jan. 8, 1926).</subfield></datafield><datafield ind1=" " ind2=" " tag="500"><subfield code="a">Published as: Salida daily record, Jan. 16, 1925-May 15, 1925.</subfield></datafield><datafield ind1=" " ind2=" " tag="530"><subfield code="a">Available on microfilm from the Colorado Historical Society.</subfield></datafield><datafield ind1=" " ind2=" " tag="752"><subfield code="a">United States</subfield><subfield code="b">Colorado</subfield><subfield code="c">Chaffee</subfield><subfield code="d">Salida.</subfield></datafield><datafield ind1="0" ind2="0" tag="780"><subfield code="t">Chaffee County record</subfield><subfield code="w">(DLC)sn 89052309</subfield></datafield><datafield ind1="0" ind2="0" tag="785"><subfield code="t">Salida semi-weekly record</subfield><subfield code="w">(DLC)sn 91052492</subfield></datafield></record>